%%%%%%%%%%%%%%%%%%%%%%%%%%%%%%%%%%%%
% AI Project
%%%%%%%%%%%%%%%%%%%%%%%%%%%%%%%%%%%%


@inproceedings{zhang2023ai,
    author = {Zhang, Q.-J.},
    title = {AI and Machine Learning for Microwaves – a Highlight of Past, Present and Future Trends},
    booktitle = {2023 IEEE/MTT-S International Microwave Symposium - IMS 2023},
    year = {2023},
    pages = {7--7},
    month = {June}
}

@inproceedings{xue2023mmic,
    author = {Xue, L. and Fan, H. and Ding, Y. and Liu, B.},
    title = {A Design Methodology of MMIC Power Amplifiers Using AI-driven Design Techniques},
    booktitle = {2023 19th International Conference on Synthesis, Modeling, Analysis and Simulation Methods and Applications to Circuit Design (SMACD)},
    year = {2023},
    pages = {1--4},
    month = {July}
}

@inproceedings{crowder2023neuromorphic,
    author = {Crowder, D. C. and Smith, J. D. and Cardwell, S. G.},
    title = {AI-Enhanced Codesign of Neuromorphic Circuits},
    booktitle = {2023 IEEE 66th International Midwest Symposium on Circuits and Systems (MWSCAS)},
    year = {2023},
    pages = {1025--1029},
    month = {August}
}

@article{xu2024microwave,
    author = {Xu, K. and others},
    title = {Flexible Inverse Design of Microwave Filter Customized on Demand With Wavelet Transform Deep Learning},
    journal = {IEEE Transactions on Computer-Aided Design of Integrated Circuits and Systems},
    year = {2024},
    pages = {1--1}
}

@inproceedings{lee2024icdesign,
    author = {Lee, P.-Y. and Chen, T.-C.},
    title = {AI-Driven Innovations in IC Designs: From Planning to Implementation},
    booktitle = {2024 International VLSI Symposium on Technology, Systems and Applications (VLSI TSA)},
    year = {2024},
    pages = {1--2},
    month = {April}
}

@inproceedings{solomon2024optimization,
    author = {Solomon, P. H. and Pattanaik, B. and Pattanaik, O. and G, P. and Elamvazhudhi, D. and Shaik, B.},
    title = {AI-Driven Circuit Optimization for Energy-Efficient Electronics Design},
    booktitle = {2024 5th International Conference on Recent Trends in Computer Science and Technology (ICRTCST)},
    year = {2024},
    pages = {56--60},
    month = {April}
}

@inproceedings{taskiran2024annsynthesis,
    author = {Taşkıran, H. and Sağlıcan, E. and Afacan, E.},
    title = {ANN-based Analog/RF IC Synthesis Featuring Reinforcement Learning-based Fine-Tuning},
    booktitle = {2024 20th International Conference on Synthesis, Modeling, Analysis and Simulation Methods and Applications to Circuit Design (SMACD)},
    year = {2024},
    pages = {1--4},
    month = {July}
}

@inproceedings{karahan2024rfdesign,
    author = {Karahan, E. A. and Zhou, J. and Liu, Z. and Shao, Z. and Fisher, S. and Sengupta, K.},
    title = {Deep Learning Enabled Design of RF/mmWave IC and Antennas},
    booktitle = {2024 IEEE 67th International Midwest Symposium on Circuits and Systems (MWSCAS)},
    year = {2024},
    pages = {769--772},
    month = {August}
}
